<?xml version="1.0" encoding="UTF-8"?><collection xmlns="http://www.loc.gov/MARC21/slim"><record><leader>00641nam--2200193-i-4500</leader><controlfield tag="001">000029535</controlfield><controlfield tag="002">20161230</controlfield><controlfield tag="005">20161230201037</controlfield><controlfield tag="008">060222s1000------------r-----000-0-fre-d</controlfield><datafield ind1=" " ind2=" " tag="040"><subfield code="a">IFIN-HH</subfield></datafield><datafield ind1=" " ind2=" " tag="041"><subfield code="a">fre</subfield></datafield><datafield ind1=" " ind2=" " tag="080"><subfield code="a">539.122.03:539.172.4</subfield></datafield><datafield ind1="1" ind2=" " tag="100"><subfield code="a">Lachkar,J</subfield></datafield><datafield ind1="1" ind2="0" tag="245"><subfield code="a">Sections efficaces de production des rayonnements gamma emis par les reactions 23 na (n,n`gamma) 58ni (n,n`gamma) 60 ni (n,n`gamma)</subfield><subfield code="c">J. lachkar, y. pattin, j. sigaud</subfield></datafield><datafield ind1=" " ind2=" " tag="260"><subfield code="a">Bruyeres-le-chatel</subfield><subfield code="b">Service De Physique Nucleaire</subfield><subfield code="c">1973</subfield></datafield><datafield ind1=" " ind2=" " tag="300"><subfield code="a">5P.+ 3 FIG. + 1 TABL</subfield></datafield><datafield ind1="1" ind2=" " tag="700"><subfield code="a">Sigaud, J</subfield></datafield><datafield ind1=" " ind2=" " tag="852"><subfield code="a">39156</subfield><subfield code="c">539.17</subfield></datafield><datafield ind1=" " ind2=" " tag="CAT"><subfield code="a">Sys</subfield><subfield code="c">20120611</subfield><subfield code="h">104059</subfield></datafield></record></collection>